<?xml version="1.0" encoding="UTF-8"?><record xmlns="http://www.loc.gov/MARC21/slim" xmlns:cinclude="http://apache.org/cocoon/include/1.0" xmlns:zs="http://www.loc.gov/zing/srw/">
  <leader>00586nz  a2200169n  4500</leader>
  <controlfield tag="001">no 96022357 </controlfield>
  <controlfield tag="003">DLC</controlfield>
  <controlfield tag="005">19960501055348.2</controlfield>
  <controlfield tag="008">960430n| acannaab|          |a aaa     c</controlfield>
  <datafield tag="010" ind1=" " ind2=" ">
    <subfield code="a">no 96022357 </subfield>
  </datafield>
  <datafield tag="035" ind1=" " ind2=" ">
    <subfield code="a">(OCoLC)oca04068103 </subfield>
  </datafield>
  <datafield tag="040" ind1=" " ind2=" ">
    <subfield code="a">OU</subfield>
    <subfield code="c">OU</subfield>
  </datafield>
  <datafield tag="100" ind1="1" ind2="0">
    <subfield code="a">Wadell, Winifred</subfield>
  </datafield>
  <datafield tag="400" ind1="1" ind2="0">
    <subfield code="a">Wadell, Wynne</subfield>
  </datafield>
  <datafield tag="670" ind1=" " ind2=" ">
    <subfield code="a">Her Harp on the Willow, 1941 :</subfield>
    <subfield code="b">t.p. (Winifred Wadell)</subfield>
  </datafield>
  <datafield tag="670" ind1=" " ind2=" ">
    <subfield code="a">OCLC database, 4-18-96</subfield>
    <subfield code="b">(hdg.: Wadell, Winifred, Mrs.; usage: Winifred Wadell) (hdg.: Wadell, Winifred; usage: Wynne Wadell)</subfield>
  </datafield>
  <datafield tag="670" ind1=" " ind2=" ">
    <subfield code="a">NUC pre-1956</subfield>
    <subfield code="b">(x-ref: Wadell, Wynne see Wadell, Winifred)</subfield>
  </datafield>
</record>